{
  "leader": "01350cam a2200373Ia 4500",
  "fields": [
    {
      "001": "ocm00223535\\"
    },
    {
      "003": "OCoLC"
    },
    {
      "005": "20220301114748.0"
    },
    {
      "007": "ta"
    },
    {
      "008": "720118s1965\\\\\\\\ii\\\\\\\\\\\\\\b\\\\\\\\001\\0\\eng\\\\"
    },
    {
      "010": {
        "ind1": "\\",
        "ind2": "\\",
        "subfields": [
          {
            "a": "sa 66003084 "
          }
        ]
      }
    },
    {
      "040": {
        "ind1": "\\",
        "ind2": "\\",
        "subfields": [
          {
            "a": "DLC"
          },
          {
            "b": "eng"
          },
          {
            "c": "OUN"
          },
          {
            "d": "UKM"
          },
          {
            "d": "SLU"
          },
          {
            "d": "OCLCG"
          },
          {
            "d": "ZAS"
          },
          {
            "d": "OCLCF"
          },
          {
            "d": "OCLCQ"
          },
          {
            "d": "OCLCO"
          },
          {
            "d": "UWW"
          },
          {
            "d": "UKMGB"
          },
          {
            "d": "OCLCO"
          }
        ]
      }
    },
    {
      "015": {
        "ind1": "\\",
        "ind2": "\\",
        "subfields": [
          {
            "a": "GB66-6587"
          }
        ]
      }
    },
    {
      "016": {
        "ind1": "7",
        "ind2": "\\",
        "subfields": [
          {
            "a": "008580672"
          },
          {
            "2": "Uk"
          }
        ]
      }
    },
    {
      "019": {
        "ind1": "\\",
        "ind2": "\\",
        "subfields": [
          {
            "a": "1086938455"
          }
        ]
      }
    },
    {
      "035": {
        "ind1": "\\",
        "ind2": "\\",
        "subfields": [
          {
            "a": "(OCoLC)223535"
          },
          {
            "z": "(OCoLC)1086938455"
          }
        ]
      }
    },
    {
      "050": {
        "ind1": "0",
        "ind2": "4",
        "subfields": [
          {
            "a": "Z697.P7"
          },
          {
            "b": "K8 1965"
          }
        ]
      }
    },
    {
      "082": {
        "ind1": "0",
        "ind2": "4",
        "subfields": [
          {
            "a": "025.4632"
          },
          {
            "b": "GIR"
          }
        ]
      }
    },
    {
      "049": {
        "ind1": "\\",
        "ind2": "\\",
        "subfields": [
          {
            "a": "NYRV"
          }
        ]
      }
    },
    {
      "100": {
        "ind1": "0",
        "ind2": "\\",
        "subfields": [
          {
            "a": "Girja Kumar,"
          },
          {
            "d": "1925-"
          }
        ]
      }
    },
    {
      "245": {
        "ind1": "1",
        "ind2": "0",
        "subfields": [
          {
            "a": "Politics, international relations and law :"
          },
          {
            "b": "scope, methodology and classification /"
          },
          {
            "c": "Girja Kumar."
          }
        ]
      }
    },
    {
      "260": {
        "ind1": "\\",
        "ind2": "\\",
        "subfields": [
          {
            "a": "Bombay ;"
          },
          {
            "a": "New York :"
          },
          {
            "b": "Asia Pub. House,"
          },
          {
            "c": "\u00a91965."
          }
        ]
      }
    },
    {
      "300": {
        "ind1": "\\",
        "ind2": "\\",
        "subfields": [
          {
            "a": "xxiii, 209 pages ;"
          },
          {
            "c": "23 cm"
          }
        ]
      }
    },
    {
      "336": {
        "ind1": "\\",
        "ind2": "\\",
        "subfields": [
          {
            "a": "text"
          },
          {
            "b": "txt"
          },
          {
            "2": "rdacontent"
          }
        ]
      }
    },
    {
      "337": {
        "ind1": "\\",
        "ind2": "\\",
        "subfields": [
          {
            "a": "unmediated"
          },
          {
            "b": "n"
          },
          {
            "2": "rdamedia"
          }
        ]
      }
    },
    {
      "338": {
        "ind1": "\\",
        "ind2": "\\",
        "subfields": [
          {
            "a": "volume"
          },
          {
            "b": "nc"
          },
          {
            "2": "rdacarrier"
          }
        ]
      }
    },
    {
      "504": {
        "ind1": "\\",
        "ind2": "\\",
        "subfields": [
          {
            "a": "Includes bibliographical references and index."
          }
        ]
      }
    },
    {
      "530": {
        "ind1": "\\",
        "ind2": "\\",
        "subfields": [
          {
            "a": "Also issued online."
          }
        ]
      }
    },
    {
      "650": {
        "ind1": "\\",
        "ind2": "0",
        "subfields": [
          {
            "a": "Classification"
          },
          {
            "x": "Books"
          },
          {
            "x": "Political science."
          }
        ]
      }
    },
    {
      "650": {
        "ind1": "\\",
        "ind2": "7",
        "subfields": [
          {
            "a": "Classification"
          },
          {
            "x": "Books"
          },
          {
            "x": "Political science."
          },
          {
            "2": "fast"
          },
          {
            "0": "(OCoLC)fst01766772"
          }
        ]
      }
    },
    {
      "776": {
        "ind1": "0",
        "ind2": "8",
        "subfields": [
          {
            "i": "Online version:"
          },
          {
            "a": "Girja Kumar, 1925-"
          },
          {
            "t": "Politics, international relations and law."
          },
          {
            "d": "Bombay ; New York : Asia Pub. House, \u00a91965"
          },
          {
            "w": "(OCoLC)576732541"
          }
        ]
      }
    },
    {
      "912": {
        "ind1": "\\",
        "ind2": "\\",
        "subfields": []
      }
    },
    {
      "999": {
        "ind1": "\\",
        "ind2": "\\",
        "subfields": [
          {
            "a": "00000000018624"
          }
        ]
      }
    },
    {
      "994": {
        "ind1": "\\",
        "ind2": "\\",
        "subfields": [
          {
            "a": "C0"
          },
          {
            "b": "NYRVC"
          }
        ]
      }
    }
  ]
}